@article{yildirim2007drug,
  title={Drug—target network},
  author={Y{\i}ld{\i}r{\i}m, Muhammed A and Goh, Kwang-Il and Cusick, Michael E and Barab{\'a}si, Albert-L{\'a}szl{\'o} and Vidal, Marc},
  journal={Nature Biotechnology},
  volume={25},
  number={10},
  pages={1119--1126},
  year={2007},
  publisher={Nature Publishing Group}
}

@article{wolf2019huggingface,
  title={Huggingface's transformers: State-of-the-art natural language processing},
  author={Wolf, Thomas and Debut, Lysandre and Sanh, Victor and Chaumond, Julien and Delangue, Clement and Moi, Anthony and Cistac, Pierric and Rault, Tim and Louf, R{\'e}mi and Funtowicz, Morgan and others},
  journal={arXiv preprint arXiv:1910.03771},
  year={2019}
}

@article{lindpaintner2002impact,
  title={The impact of pharmacogenetics and pharmacogenomics on drug discovery},
  author={Lindpaintner, Klaus},
  journal={Nature Reviews Drug Discovery},
  volume={1},
  number={6},
  pages={463--469},
  year={2002},
  publisher={Nature Publishing Group}
}

@article{jagodnik2023hetig,
  title={HetIG-PreDiG: A Heterogeneous Integrated Graph Model for Predicting Human Disease Genes based on gene expression},
  author={Jagodnik, Kathleen M and Shvili, Yael and Bartal, Alon},
  journal={PLOS ONE},
  volume={18},
  number={2},
  pages={e0280839},
  year={2023},
  publisher={Public Library of Science San Francisco, CA USA}
}

@article{rifaioglu2019recent,
  title={Recent applications of deep learning and machine intelligence on in silico drug discovery: methods, tools and databases},
  author={Rifaioglu, Ahmet Sureyya and Atas, Heval and Martin, Maria Jesus and Cetin-Atalay, Rengul and Atalay, Volkan and Do{\u{g}}an, Tunca},
  journal={Briefings in Bioinformatics},
  volume={20},
  number={5},
  pages={1878--1912},
  year={2019},
  publisher={Oxford University Press}
}

@article{sachdev2019comprehensive,
  title={A comprehensive review of feature based methods for drug target interaction prediction},
  author={Sachdev, Kanica and Gupta, Manoj Kumar},
  journal={Journal of Biomedical Informatics},
  volume={93},
  pages={103159},
  year={2019},
  publisher={Elsevier}
}

@article{thafar2020dtigems+,
  title={DTiGEMS+: drug--target interaction prediction using graph embedding, graph mining, and similarity-based techniques},
  author={Thafar, Maha A and Olayan, Rawan S and Ashoor, Haitham and Albaradei, Somayah and Bajic, Vladimir B and Gao, Xin and Gojobori, Takashi and Essack, Magbubah},
  journal={Journal of Cheminformatics},
  volume={12},
  number={1},
  pages={1--17},
  year={2020},
  publisher={BioMed Central}
}

@article{he2020pimd,
  title={PIMD: an integrative approach for drug repositioning using multiple characterization fusion},
  author={He, Song and Wen, Yuqi and Yang, Xiaoxi and Liu, Zhen and Song, Xinyu and Huang, Xin and Bo, Xiaochen},
  journal={Genomics, Proteomics \& Bioinformatics},
  volume={18},
  number={5},
  pages={565--581},
  year={2020},
  publisher={Elsevier}
}

@article{fahimian2020repcool,
  title={RepCOOL: computational drug repositioning via integrating heterogeneous biological networks},
  author={Fahimian, Ghazale and Zahiri, Javad and Arab, Seyed Shahriar and Sajedi, Reza H},
  journal={Journal of Translational Medicine},
  volume={18},
  number={1},
  pages={1--10},
  year={2020},
  publisher={BioMed Central}
}

@article{vogt2014molecularly,
  title={Molecularly and clinically related drugs and diseases are enriched in phenotypically similar drug-disease pairs},
  author={Vogt, Ingo and Prinz, Jeanette and Campillos, M{\'o}nica},
  journal={Genome Medicine},
  volume={6},
  number={7},
  pages={1--17},
  year={2014},
  publisher={BioMed Central}
}

@article{wu2020comprehensive,
  title={A comprehensive survey on graph neural networks},
  author={Wu, Zonghan and Pan, Shirui and Chen, Fengwen and Long, Guodong and Zhang, Chengqi and Philip, S Yu},
  journal={IEEE Transactions on Neural Networks and Learning Systems},
  volume={32},
  number={1},
  pages={4--24},
  year={2020},
  publisher={IEEE}
}

@article{jeong2016trajectory,
  title={Trajectory analysis of drug-research trends in pancreatic cancer on PubMed and ClinicalTrials. gov},
  author={Jeong, Yoo Kyung and Heo, Go Eun and Kang, Keun Young and Yoon, Dong Sup and Song, Min},
  journal={Journal of Informetrics},
  volume={10},
  number={1},
  pages={273--285},
  year={2016},
  publisher={Elsevier}
}

@article{wishart2008drugbank,
  title={DrugBank: a knowledgebase for drugs, drug actions and drug targets},
  author={Wishart, David S and Knox, Craig and Guo, An Chi and Cheng, Dean and Shrivastava, Savita and Tzur, Dan and Gautam, Bijaya and Hassanali, Murtaza},
  journal={Nucleic Acids Research},
  volume={36},
  number={suppl\_1},
  pages={D901--D906},
  year={2008},
  publisher={Oxford University Press}
}

@article{wishart2018drugbank,
  title={DrugBank 5.0: a major update to the DrugBank database for 2018},
  author={Wishart, David S and Feunang, Yannick D and Guo, An C and Lo, Elvis J and Marcu, Ana and Grant, Jason R and Sajed, Tanvir and Johnson, Daniel and Li, Carin and Sayeeda, Zinat and others},
  journal={Nucleic Acids Research},
  volume={46},
  number={D1},
  pages={D1074--D1082},
  year={2018},
  publisher={Oxford University Press}
}

@article{amberger2015omim,
  title={OMIM.org: Online Mendelian Inheritance in Man (OMIM{\textregistered}), an online catalog of human genes and genetic disorders},
  author={Amberger, Joanna S and Bocchini, Carol A and Schiettecatte, Fran{\c{c}}ois and Scott, Alan F and Hamosh, Ada},
  journal={Nucleic Acids Research},
  volume={43},
  number={D1},
  pages={D789--D798},
  year={2015},
  publisher={Oxford University Press}
}

@article{amberger2009mckusick,
  title={McKusick's Online Mendelian Inheritance in Man (OMIM{\textregistered})},
  author={Amberger, Joanna and Bocchini, Carol A and Scott, Alan F and Hamosh, Ada},
  journal={Nucleic Acids Research},
  volume={37},
  number={suppl\_1},
  pages={D793--D796},
  year={2009},
  publisher={Oxford University Press}
}

@article{hammel2019new,
  title={Why are new drugs expensive and how can they stay affordable?},
  author={Hammel, Basma and Michel, Martin C},
  journal={Concepts and Principles of Pharmacology},
  pages={453--466},
  year={2019},
  publisher={Springer}
}

@article{deore2019stages,
  title={The stages of drug discovery and development process},
  author={Deore, Amol B and Dhumane, Jayprabha R and Wagh, Rushikesh and Sonawane, Rushikesh},
  journal={Asian Journal of Pharmaceutical Research and Development},
  volume={7},
  number={6},
  pages={62--67},
  year={2019}
}

@article{mak2019artificial,
  title={Artificial intelligence in drug development: present status and future prospects},
  author={Mak, Kit-Kay and Pichika, Mallikarjuna Rao},
  journal={Drug Discovery Today},
  volume={24},
  number={3},
  pages={773--780},
  year={2019},
  publisher={Elsevier}
}

@article{scannell2012diagnosing,
  title={Diagnosing the decline in pharmaceutical R\&D efficiency},
  author={Scannell, Jack W and Blanckley, Alex and Boldon, Helen and Warrington, Brian},
  journal={Nature Reviews Drug Discovery},
  volume={11},
  number={3},
  pages={191--200},
  year={2012},
  publisher={Nature Publishing Group}
}

@article{ravikumar2018improving,
  title={Improving the efficacy-safety balance of polypharmacology in multi-target drug discovery},
  author={Ravikumar, Balaguru and Aittokallio, Tero},
  journal={Expert Opinion on Drug Discovery},
  volume={13},
  number={2},
  pages={179--192},
  year={2018},
  publisher={Taylor \& Francis}
}

@article{oughtred2021biogrid,
  title={The BioGRID database: a comprehensive biomedical resource of curated protein, genetic, and chemical interactions},
  author={Oughtred, Rose and Rust, Jennifer and Chang, Christie and Breitkreutz, Bobby-Joe and Stark, Chris and Willems, Andrew and Boucher, Lorrie and Leung, Genie and Kolas, Nadine and Zhang, Frederick and others},
  journal={Protein Science},
  volume={30},
  number={1},
  pages={187--200},
  year={2021},
  publisher={Wiley Online Library}
}

@article{stark2006biogrid,
  title={BioGRID: a general repository for interaction datasets},
  author={Stark, Chris and Breitkreutz, Bobby-Joe and Reguly, Teresa and Boucher, Lorrie and Breitkreutz, Ashton and Tyers, Mike},
  journal={Nucleic Acids Research},
  volume={34},
  number={suppl\_1},
  pages={D535--D539},
  year={2006},
  publisher={Oxford University Press}
}

@article{fey2019fast,
  title={Fast graph representation learning with PyTorch Geometric},
  author={Fey, Matthias and Lenssen, Jan Eric},
  journal={arXiv preprint arXiv:1903.02428},
  year={2019}
}

@article{zhang2019graph,
  title={Graph convolutional networks: a comprehensive review},
  author={Zhang, Si and Tong, Hanghang and Xu, Jiejun and Maciejewski, Ross},
  journal={Computational Social Networks},
  volume={6},
  number={1},
  pages={1--23},
  year={2019},
  publisher={SpringerOpen}
}

@article{zhou2020graph,
  title={Graph neural networks: a review of methods and applications},
  author={Zhou, Jie and Cui, Ganqu and Hu, Shengding and Zhang, Zhengyan and Yang, Cheng and Liu, Zhiyuan and Wang, Lifeng and Li, Changcheng and Sun, Maosong},
  journal={AI Open},
  volume={1},
  pages={57--81},
  year={2020},
  publisher={Elsevier}
}

@article{jiang2021could,
  title={Could graph neural networks learn better molecular representation for drug discovery? A comparison study of descriptor-based and graph-based models},
  author={Jiang, Dejun and Wu, Zhenxing and Hsieh, Chang-Yu and Chen, Guangyong and Liao, Ben and Wang, Zhe and Shen, Chao and Cao, Dongsheng and Wu, Jian and Hou, Tingjun},
  journal={Journal of Cheminformatics},
  volume={13},
  number={1},
  pages={1--23},
  year={2021},
  publisher={BioMed Central}
}

@article{bongini2021molecular,
  title={Molecular generative graph neural networks for drug discovery},
  author={Bongini, Pietro and Bianchini, Monica and Scarselli, Franco},
  journal={Neurocomputing},
  volume={450},
  pages={242--252},
  year={2021},
  publisher={Elsevier}
}

@article{cai2018comprehensive,
  title={A comprehensive survey of graph embedding: problems, techniques, and applications},
  author={Cai, Hongyun and Zheng, Vincent W and Chang, Kevin Chen-Chuan},
  journal={IEEE Transactions on Knowledge and Data Engineering},
  volume={30},
  number={9},
  pages={1616--1637},
  year={2018},
  publisher={IEEE}
}

@article{lipsky2001idea,
  title={From idea to market: the drug approval process.},
  author={Lipsky, Martin S and Sharp, Lisa K},
  journal={The Journal of the American Board of Family Practice},
  volume={14},
  number={5},
  pages={362--367},
  year={2001},
  publisher={Am Board Family Med}
}

@article{ciociola2014drugs,
  title={How drugs are developed and approved by the FDA: current process and future directions},
  author={Ciociola, Arthur A and Cohen, Lawrence B and Kulkarni, Prasad and Kefalas, Costas and Buchman, Alan and Burke, Carol and Cain, Tedd and Connor, Jason and Ehrenpreis, Eli D and Fang, John and others},
  journal={Official Journal of the American College of Gastroenterology| ACG},
  volume={109},
  number={5},
  pages={620--623},
  year={2014},
  publisher={LWW}
}

@book{sneader2005drug,
  title={Drug discovery: a history},
  author={Sneader, Walter},
  year={2005},
  publisher={John Wiley \& Sons}
}

@article{berger2011role,
  title={Role of systems pharmacology in understanding drug adverse events},
  author={Berger, Seth I and Iyengar, Ravi},
  journal={Wiley Interdisciplinary Reviews: Systems Biology and Medicine},
  volume={3},
  number={2},
  pages={129--135},
  year={2011},
  publisher={Wiley Online Library}
}

@article{houck2008understanding,
  title={Understanding mechanisms of toxicity: insights from drug discovery research},
  author={Houck, Keith A and Kavlock, Robert J},
  journal={Toxicology and Applied Pharmacology},
  volume={227},
  number={2},
  pages={163--178},
  year={2008},
  publisher={Elsevier}
}

@article{yu2020exploring,
  title={Exploring drug treatment patterns based on the action of drug and multilayer network model},
  author={Yu, Liang and Shi, Yayong and Zou, Quan and Wang, Shuhang and Zheng, Liping and Gao, Lin},
  journal={International Journal of Molecular Sciences},
  volume={21},
  number={14},
  pages={5014},
  year={2020},
  publisher={MDPI}
}

@article{mccaughrin1992effective,
  title={Effective outpatient drug treatment organizations: program features and selection effects},
  author={McCaughrin, William C and Price, Richard H},
  journal={International Journal of the Addictions},
  volume={27},
  number={11},
  pages={1335--1358},
  year={1992},
  publisher={Taylor \& Francis}
}

@article{ashburn2004drug,
  title={Drug repositioning: identifying and developing new uses for existing drugs},
  author={Ashburn, Ted T and Thor, Karl B},
  journal={Nature Reviews Drug Discovery},
  volume={3},
  number={8},
  pages={673--683},
  year={2004},
  publisher={Nature Publishing Group UK London}
}

@article{xue2018review,
  title={Review of drug repositioning approaches and resources},
  author={Xue, Hanqing and Li, Jie and Xie, Haozhe and Wang, Yadong},
  journal={International Journal of Biological Sciences},
  volume={14},
  number={10},
  pages={1232},
  year={2018},
  publisher={Ivyspring International Publisher}
}

@article{broido2019scale,
  title={Scale-free networks are rare},
  author={Broido, Anna D and Clauset, Aaron},
  journal={Nature Communications},
  volume={10},
  number={1},
  pages={1017},
  year={2019},
  publisher={Nature Publishing Group UK London}
}

@article{fortunato2006scale,
  title={Scale-free network growth by ranking},
  author={Fortunato, Santo and Flammini, Alessandro and Menczer, Filippo},
  journal={Physical Review Letters},
  volume={96},
  number={21},
  pages={218701},
  year={2006},
  publisher={APS}
}

@article{barabasi2009scale,
  title={Scale-free networks: a decade and beyond},
  author={Barab{\'a}si, Albert-L{\'a}szl{\'o}},
  journal={science},
  volume={325},
  number={5939},
  pages={412--413},
  year={2009},
  publisher={American Association for the Advancement of Science}
}

@article{clauset2009power,
  title={Power-law distributions in empirical data},
  author={Clauset, Aaron and Shalizi, Cosma Rohilla and Newman, Mark EJ},
  journal={SIAM Review},
  volume={51},
  number={4},
  pages={661--703},
  year={2009},
  publisher={SIAM}
}

@article{alstott2014powerlaw,
  title={powerlaw: a Python package for analysis of heavy-tailed distributions},
  author={Alstott, Jeff and Bullmore, Ed and Plenz, Dietmar},
  journal={PLOS ONE},
  volume={9},
  number={1},
  pages={e85777},
  year={2014},
  publisher={Public Library of Science San Francisco, USA}
}

@article{zhao2009medicinal,
  title={Medicinal chemistry strategies in follow-on drug discovery},
  author={Zhao, Hongyu and Guo, Zongru},
  journal={Drug Discovery Today},
  volume={14},
  number={9-10},
  pages={516--522},
  year={2009},
  publisher={Elsevier}
}

@article{dimasi2004economics,
  title={The economics of follow-on drug research and development: trends in entry rates and the timing of development},
  author={DiMasi, Joseph A and Paquette, Cherie},
  journal={Pharmacoeconomics},
  volume={22},
  pages={1--14},
  year={2004},
  publisher={Springer}
}

@article{dimasi2011competitiveness,
  title={Competitiveness in follow-on drug R\&D: a race or imitation?},
  author={DiMasi, Joseph A and Faden, Laura B},
  journal={Nature Reviews Drug Discovery},
  volume={10},
  number={1},
  pages={23--27},
  year={2011},
  publisher={Nature Publishing Group UK London}
}

@article{pain2002pain,
  title={Pain management: classifying, understanding, and treating pain},
  author={PAIN, CLASSIFYING},
  journal={Hospital Physician},
  volume={23},
  pages={1--8},
  year={2002},
  publisher={Citeseer}
}

@article{kendler2016nature,
  title={The nature of psychiatric disorders},
  author={Kendler, Kenneth S},
  journal={World Psychiatry},
  volume={15},
  number={1},
  pages={5--12},
  year={2016},
  publisher={Wiley Online Library}
}

@article{morgan2011cost,
  title={The cost of drug development: a systematic review},
  author={Morgan, Steve and Grootendorst, Paul and Lexchin, Joel and Cunningham, Colleen and Greyson, Devon},
  journal={Health Policy},
  volume={100},
  number={1},
  pages={4--17},
  year={2011},
  publisher={Elsevier}
}

@article{hay2014clinical,
  title={Clinical development success rates for investigational drugs},
  author={Hay, Michael and Thomas, David W and Craighead, John L and Economides, Celia and Rosenthal, Jesse},
  journal={Nature Biotechnology},
  volume={32},
  number={1},
  pages={40--51},
  year={2014},
  publisher={Nature Publishing Group US New York}
}

@article{burki2020new,
  title={A new paradigm for drug development},
  author={Burki, Talha},
  journal={The Lancet Digital Health},
  volume={2},
  number={5},
  pages={e226--e227},
  year={2020},
  publisher={Elsevier}
}


@article{rajkomar2019machine,
  title={Machine learning in medicine},
  author={Rajkomar, Alvin and Dean, Jeffrey and Kohane, Isaac},
  journal={New England Journal of Medicine},
  volume={380},
  number={14},
  pages={1347--1358},
  year={2019},
  publisher={Mass Medical Soc}
}


@article{mabonga2019protein,
  title={Protein-protein interaction modulators: advances, successes and remaining challenges},
  author={Mabonga, Lloyd and Kappo, Abidemi Paul},
  journal={Biophysical Reviews},
  volume={11},
  number={4},
  pages={559--581},
  year={2019},
  publisher={Springer}
}


@article{swinney2020recent,
  title={Recent advances in phenotypic drug discovery},
  author={Swinney, David C and Lee, Jonathan A},
  journal={F1000Research},
  volume={9},
  year={2020},
  publisher={Faculty of 1000 Ltd}
}


@article{nogales2022network,
  title={Network pharmacology: curing causal mechanisms instead of treating symptoms},
  author={Nogales, Cristian and Mamdouh, Zeinab M and List, Markus and Kiel, Christina and Casas, Ana I and Schmidt, Harald HHW},
  journal={Trends in Pharmacological Sciences},
  volume={43},
  number={2},
  pages={136--150},
  year={2022},
  publisher={Elsevier}
}


@article{gashaw2011makes,
  title={What makes a good drug target?},
  author={Gashaw, Isabella and Ellinghaus, Peter and Sommer, Anette and Asadullah, Khusru},
  journal={Drug Discovery Today},
  volume={16},
  number={23-24},
  pages={1037--1043},
  year={2011},
  publisher={Elsevier}
}


@article{haraldstad2019systematic,
  title={A systematic review of quality of life research in medicine and health sciences},
  author={Haraldstad, Kristin and Wahl, A and Anden{\ae}s, Randi and Andersen, John Roger and Andersen, Marit Helen and Beisland, E and Borge, Christine R{\aa}heim and Engebretsen, Eivind and Eisemann, Martin and Halvorsrud, L and others},
  journal={Quality of Life Research},
  volume={28},
  pages={2641--2650},
  year={2019},
  publisher={Springer}
}


@article{gilad2021drug,
  title={Drug combination in cancer treatment — from cocktails to conjugated combinations},
  author={Gilad, Yosi and Gellerman, Gary and Lonard, David M and O’malley, Bert W},
  journal={Cancers},
  volume={13},
  number={4},
  pages={669},
  year={2021},
  publisher={MDPI}
}


@article{zhao2012systems,
  title={Systems pharmacology: network analysis to identify multiscale mechanisms of drug action},
  author={Zhao, Shan and Iyengar, Ravi},
  journal={Annual Review of Pharmacology and Toxicology},
  volume={52},
  pages={505--521},
  year={2012},
  publisher={Annual Reviews}
}

@article{rahmoune2017application,
  title={Application of multiplex biomarker approaches to accelerate drug discovery and development},
  author={Rahmoune, Hassan and Guest, Paul C},
  journal={Multiplex Biomarker Techniques: Methods and Applications},
  pages={3--17},
  year={2017},
  publisher={Springer}
}


@article{wong2015multiple,
  title={Multiple target drug cocktail design for attacking the core network markers of four cancers using ligand-based and structure-based virtual screening methods},
  author={Wong, Yung-Hao and Lin, Chih-Lung and Chen, Ting-Shou and Chen, Chien-An and Jiang, Pei-Shin and Lai, Yi-Hua and Chu, Lichieh Julie and Li, Cheng-Wei and Chen, Jeremy JW and Chen, Bor-Sen},
  journal={BMC Medical Genomics},
  volume={8},
  pages={1--23},
  year={2015},
  publisher={Springer}
}


@article{ding2017identification,
  title={Identification of drug-target interactions via multiple information integration},
  author={Ding, Yijie and Tang, Jijun and Guo, Fei},
  journal={Information Sciences},
  volume={418},
  pages={546--560},
  year={2017},
  publisher={Elsevier}
}


@article{yang2017literature,
  title={Literature-based discovery of new candidates for drug repurposing},
  author={Yang, Hsih-Te and Ju, Jiun-Huang and Wong, Yue-Ting and Shmulevich, Ilya and Chiang, Jung-Hsien},
  journal={Briefings in Bioinformatics},
  volume={18},
  number={3},
  pages={488--497},
  year={2017},
  publisher={Oxford University Press}
}


@article{olson2017predicting,
  title={Predicting anatomic therapeutic chemical classification codes using tiered learning},
  author={Olson, Thomas and Singh, Rahul},
  journal={BMC Bioinformatics},
  volume={18},
  number={8},
  pages={1--13},
  year={2017},
  publisher={BioMed Central}
}


@article{DBLP:journals/corr/abs-1908-10084,
  author={Nils Reimers and Iryna Gurevych},
  title={Sentence-BERT: sentence embeddings using Siamese BERT-networks},
  journal={CoRR},
  volume={abs/1908.10084},
  year={2019},
  url={http://arxiv.org/abs/1908.10084},
  eprinttype={arXiv},
  eprint={1908.10084},
  timestamp={Thu, 26 Nov 2020 12:13:54 +0100},
  biburl={https://dblp.org/rec/journals/corr/abs-1908-10084.bib},
  bibsource={dblp computer science bibliography, https://dblp.org}
}


@article{parvathaneni2019drug,
  title={Drug repurposing: a promising tool to accelerate the drug discovery process},
  author={Parvathaneni, Vineela and Kulkarni, Nishant S and Muth, Aaron and Gupta, Vivek},
  journal={Drug Discovery Today},
  volume={24},
  number={10},
  pages={2076--2085},
  year={2019},
  publisher={Elsevier}
}

@article{fey2019fast,
  title={Fast graph representation learning with PyTorch Geometric},
  author={Fey, Matthias and Lenssen, Jan Eric},
  journal={arXiv preprint arXiv:1903.02428},
  year={2019}
}

@inproceedings{schlichtkrull2018modeling,
  title={Modeling relational data with graph convolutional networks},
  author={Schlichtkrull, Michael and Kipf, Thomas N and Bloem, Peter and Van Den Berg, Rianne and Titov, Ivan and Welling, Max},
  booktitle={The Semantic Web: 15th International Conference, ESWC 2018, Heraklion, Crete, Greece, June 3--7, 2018, Proceedings 15},
  pages={593--607},
  year={2018},
  organization={Springer}
}


@InProceedings{SciPyProceedings_11,
  author={Aric A. Hagberg and Daniel A. Schult and Pieter J. Swart},
  title={Exploring network structure, dynamics, and function using NetworkX},
  booktitle={Proceedings of the 7th Python in Science Conference},
  pages={11 - 15},
  address={Pasadena, CA USA},
  year={2008},
  editor={Ga\"el Varoquaux and Travis Vaught and Jarrod Millman},
}


@article{gao2021topology,
  title={Topology-aware graph pooling networks},
  author={Gao, Hongyang and Liu, Yi and Ji, Shuiwang},
  journal={IEEE Transactions on Pattern Analysis and Machine Intelligence},
  volume={43},
  number={12},
  pages={4512--4518},
  year={2021},
  publisher={IEEE}
}


@article{broido2019scale,
  title={Scale-free networks are rare},
  author={Broido, Anna D and Clauset, Aaron},
  journal={Nature Communications},
  volume={10},
  number={1},
  pages={1017},
  year={2019},
  publisher={Nature Publishing Group UK London}
}

@inproceedings{Fey/Lenssen/2019,
  title={Fast graph representation learning with {PyTorch Geometric}},
  author={Fey, Matthias and Lenssen, Jan E.},
  booktitle={ICLR Workshop on Representation Learning on Graphs and Manifolds},
  year={2019},
}


@article{kingma2014adam,
  title={Adam: a method for stochastic optimization},
  author={Kingma, Diederik P and Ba, Jimmy},
  journal={arXiv preprint arXiv:1412.6980},
  year={2014}
}

@article{duchi2011adaptive,
  title={Adaptive subgradient methods for online learning and stochastic optimization.},
  author={Duchi, John and Hazan, Elad and Singer, Yoram},
  journal={Journal of Machine Learning Research},
  volume={12},
  number={7},
  year={2011}
}


@misc{hinton2012coursera,
  title={COURSERA: Neural networks for machine learning--lecture 6a},
  author={Hinton, Geoggrey and Srivastava, N and Swersky, K},
  year={2012}
}


@article{alstott2014powerlaw,
  title={powerlaw: a Python package for analysis of heavy-tailed distributions},
  author={Alstott, Jeff and Bullmore, Ed and Plenz, Dietmar},
  journal={PLOS ONE},
  volume={9},
  number={1},
  pages={e85777},
  year={2014},
  publisher={Public Library of Science San Francisco, USA}
}


@misc{zhang2020gradient,
      title={Why gradient clipping accelerates training: a theoretical justification for adaptivity}, 
      author={Jingzhao Zhang and Tianxing He and Suvrit Sra and Ali Jadbabaie},
      year={2020},
      eprint={1905.11881},
      archivePrefix={arXiv},
      primaryClass={math.OC}
}

@incollection{NEURIPS2019_9015,
title = {PyTorch: an imperative style, high-performance deep learning library},
author = {Paszke, Adam and Gross, Sam and Massa, Francisco and Lerer, Adam and Bradbury, James and Chanan, Gregory and Killeen, Trevor and Lin, Zeming and Gimelshein, Natalia and Antiga, Luca and Desmaison, Alban and Kopf, Andreas and Yang, Edward and DeVito, Zachary and Raison, Martin and Tejani, Alykhan and Chilamkurthy, Sasank and Steiner, Benoit and Fang, Lu and Bai, Junjie and Chintala, Soumith},
booktitle = {Advances in Neural Information Processing Systems 32},
pages = {8024--8035},
year = {2019},
publisher = {Curran Associates, Inc.},
url = {http://papers.neurips.cc/paper/9015-pytorch-an-imperative-style-high-performance-deep-learning-library.pdf}
}


@misc{veličković2018graph,
      title={Graph attention networks}, 
      author={Petar Veličković and Guillem Cucurull and Arantxa Casanova and Adriana Romero and Pietro Liò and Yoshua Bengio},
      year={2018},
      eprint={1710.10903},
      archivePrefix={arXiv},
      primaryClass={stat.ML}
}


@misc{schlichtkrull2017modeling,
      title={Modeling relational data with graph convolutional networks}, 
      author={Michael Schlichtkrull and Thomas N. Kipf and Peter Bloem and Rianne van den Berg and Ivan Titov and Max Welling},
      year={2017},
      eprint={1703.06103},
      archivePrefix={arXiv},
      primaryClass={stat.ML}
}

@misc{hinton2012improving,
      title={Improving neural networks by preventing co-adaptation of feature detectors}, 
      author={Geoffrey E. Hinton and Nitish Srivastava and Alex Krizhevsky and Ilya Sutskever and Ruslan R. Salakhutdinov},
      year={2012},
      eprint={1207.0580},
      archivePrefix={arXiv},
      primaryClass={cs.NE}
}

@article{scikit-learn,
 title={Scikit-learn: machine learning in {P}ython},
 author={Pedregosa, F. and Varoquaux, G. and Gramfort, A. and Michel, V.
         and Thirion, B. and Grisel, O. and Blondel, M. and Prettenhofer, P.
         and Weiss, R. and Dubourg, V. and Vanderplas, J. and Passos, A. and
         Cournapeau, D. and Brucher, M. and Perrot, M. and Duchesnay, E.},
 journal={Journal of Machine Learning Research},
 volume={12},
 pages={2825--2830},
 year={2011}
}


@misc{beltagy2019scibert,
      title={SciBERT: a pretrained language model for scientific text}, 
      author={Iz Beltagy and Kyle Lo and Arman Cohan},
      year={2019},
      eprint={1903.10676},
      archivePrefix={arXiv},
      primaryClass={cs.CL}
}


@misc{devlin2019bert,
      title={BERT: pre-training of deep bidirectional transformers for language understanding}, 
      author={Jacob Devlin and Ming-Wei Chang and Kenton Lee and Kristina Toutanova},
      year={2019},
      eprint={1810.04805},
      archivePrefix={arXiv},
      primaryClass={cs.CL}
}


@article{asada2021using,
  title={Using drug descriptions and molecular structures for drug--drug interaction extraction from literature},
  author={Asada, Masaki and Miwa, Makoto and Sasaki, Yutaka},
  journal={Bioinformatics},
  volume={37},
  number={12},
  pages={1739--1746},
  year={2021},
  publisher={Oxford University Press}
}


@inproceedings{chaudhuri2012spectral,
  title={Spectral clustering of graphs with general degrees in the extended planted partition model},
  author={Chaudhuri, Kamalika and Chung, Fan and Tsiatas, Alexander},
  booktitle={Conference on Learning Theory},
  pages={35--1},
  year={2012},
  organization={JMLR Workshop and Conference Proceedings}
}


@misc{huang2020combining,
      title={Combining label propagation and simple models out-performs graph neural networks}, 
      author={Qian Huang and Horace He and Abhay Singh and Ser-Nam Lim and Austin R. Benson},
      year={2020},
      eprint={2010.13993},
      archivePrefix={arXiv},
      primaryClass={cs.LG}
}


@misc{hamilton2018inductive,
      title={Inductive representation learning on large graphs}, 
      author={William L. Hamilton and Rex Ying and Jure Leskovec},
      year={2018},
      eprint={1706.02216},
      archivePrefix={arXiv},
      primaryClass={cs.SI}
}


@misc{shang2016understanding,
      title={Understanding and improving convolutional neural networks via concatenated rectified linear units}, 
      author={Wenling Shang and Kihyuk Sohn and Diogo Almeida and Honglak Lee},
      year={2016},
      eprint={1603.05201},
      archivePrefix={arXiv},
      primaryClass={cs.LG}
}


@misc{vlačić2020neural,
      title={Neural network identifiability for a family of sigmoidal nonlinearities}, 
      author={Verner Vlačić and Helmut Bölcskei},
      year={2020},
      eprint={1906.06994},
      archivePrefix={arXiv},
      primaryClass={math.CO}
}


@misc{luo2021graph,
      title={Graph entropy guided node embedding dimension selection for graph neural networks}, 
      author={Gongxu Luo and Jianxin Li and Jianlin Su and Hao Peng and Carl Yang and Lichao Sun and Philip S. Yu and Lifang He},
      year={2021},
      eprint={2105.03178},
      archivePrefix={arXiv},
      primaryClass={cs.LG}
}

@article{zhang2018understanding,
  title={Understanding regularized spectral clustering via graph conductance},
  author={Zhang, Yilin and Rohe, Karl},
  journal={Advances in Neural Information Processing Systems},
  volume={31},
  year={2018}
}

@online{Fine-tuning,
  title={Fine-tuning a model with the Trainer API},
  author = {Hugging Face},
  year={2020},
  url={https://huggingface.co/learn/nlp-course/chapter3/3?fw=pt},
  urldate={2023-12-03}
}


@ARTICLE{2020SciPy-NMeth,
  author  = {Virtanen, Pauli and Gommers, Ralf and Oliphant, Travis E. and
            Haberland, Matt and Reddy, Tyler and Cournapeau, David and
            Burovski, Evgeni and Peterson, Pearu and Weckesser, Warren and
            Bright, Jonathan and {van der Walt}, St{\'e}fan J. and
            Brett, Matthew and Wilson, Joshua and Millman, K. Jarrod and
            Mayorov, Nikolay and Nelson, Andrew R. J. and Jones, Eric and
            Kern, Robert and Larson, Eric and Carey, C J and
            Polat, {\.I}lhan and Feng, Yu and Moore, Eric W. and
            {VanderPlas}, Jake and Laxalde, Denis and Perktold, Josef and
            Cimrman, Robert and Henriksen, Ian and Quintero, E. A. and
            Harris, Charles R. and Archibald, Anne M. and
            Ribeiro, Ant{\^o}nio H. and Pedregosa, Fabian and
            {van Mulbregt}, Paul and {SciPy 1.0 Contributors}},
  title   = {{{SciPy} 1.0: Fundamental Algorithms for Scientific
            Computing in Python}},
  journal = {Nature Methods},
  year    = {2020},
  volume  = {17},
  pages   = {261--272},
  adsurl  = {https://rdcu.be/b08Wh},
  doi     = {10.1038/s41592-019-0686-2},
}


@article{benson2012genbank,
  title={GenBank},
  author={Benson, Dennis A and Cavanaugh, Mark and Clark, Karen and Karsch-Mizrachi, Ilene and Lipman, David J and Ostell, James and Sayers, Eric W},
  journal={Nucleic Acids Research},
  volume={41},
  number={D1},
  pages={D36--D42},
  year={2012},
  publisher={Oxford University Press}
}


@article{barabasi2003scale,
  title={Scale-free networks},
  author={Barab{\'a}si, Albert-L{\'a}szl{\'o} and Bonabeau, Eric},
  journal={Scientific American},
  volume={288},
  number={5},
  pages={60--69},
  year={2003},
  publisher={JSTOR}
}

@article{cohen1960coefficient,
  title={A coefficient of agreement for nominal scales},
  author={Cohen, Jacob},
  journal={Educational and Psychological Measurement},
  volume={20},
  number={1},
  pages={37--46},
  year={1960},
  publisher={Sage Publications Sage CA: Thousand Oaks, CA}
}

@article{li2018word,
  title={Word embedding for understanding natural language: a survey},
  author={Li, Yang and Yang, Tao},
  journal={Guide to Big Data Applications},
  pages={83--104},
  year={2018},
  publisher={Springer}
}

@article{patil2023survey,
  title={A survey of text representation and embedding techniques in NLP},
  author={Patil, Rajvardhan and Boit, Sorio and Gudivada, Venkat and Nandigam, Jagadeesh},
  journal={IEEE Access},
  year={2023},
  publisher={IEEE}
}


@inproceedings{devlin-etal-2019-bert,
    title = "{BERT}: pre-training of deep bidirectional transformers for language understanding",
    author = "Devlin, Jacob  and
      Chang, Ming-Wei  and
      Lee, Kenton  and
      Toutanova, Kristina",
    editor = "Burstein, Jill  and
      Doran, Christy  and
      Solorio, Thamar",
    booktitle = "Proceedings of the 2019 Conference of the North {A}merican Chapter of the Association for Computational Linguistics: Human Language Technologies, Volume 1 (Long and Short Papers)",
    month = jun,
    year = "2019",
    address = "Minneapolis, Minnesota",
    publisher = "Association for Computational Linguistics",
    url = "https://aclanthology.org/N19-1423",
    doi = "10.18653/v1/N19-1423",
    pages = "4171--4186"
}

@article{mahmoud2023node,
  title={Node classification with graph neural network based centrality measures and feature selection},
  author={Mahmoud, Asmaa M and Desuky, Abeer S and Eid, Heba F and Ali, Hoda A},
  journal={International Journal of Electrical and Computer Engineering},
  volume={13},
  number={2},
  pages={2114},
  year={2023},
  publisher={IAES Institute of Advanced Engineering and Science}
}


@article{duong2019node,
  title={On node features for graph neural networks},
  author={Duong, Chi Thang and Hoang, Thanh Dat and Dang, Ha The Hien and Nguyen, Quoc Viet Hung and Aberer, Karl},
  journal={arXiv preprint arXiv:1911.08795},
  year={2019}
}

@article{andrade2016entry,
  title={Entry time effects and follow-on drug competition},
  author={Andrade, Luiz Flavio and Sermet, Catherine and Pichetti, Sylvain},
  journal={The European Journal of Health Economics},
  volume={17},
  pages={45--60},
  year={2016},
  publisher={Springer}
}

@article{knox2024drugbank,
  title={DrugBank 6.0: the DrugBank Knowledgebase for 2024},
  author={Knox, Craig and Wilson, Mike and Klinger, Christen M and Franklin, Mark and Oler, Eponine and Wilson, Alex and Pon, Allison and Cox, Jordan and Chin, Na Eun and Strawbridge, Seth A and others},
  journal={Nucleic Acids Research},
  volume={52},
  number={D1},
  pages={D1265--D1275},
  year={2024},
  publisher={Oxford University Press}
}


@Article{pharmacy11050160,
AUTHOR = {Krumm, Lisa and Bausewein, Claudia and Rémi, Constanze},
TITLE = {Drug Therapy Safety in Palliative Care—Pharmaceutical Analysis of Medication Processes in Palliative Care},
JOURNAL = {Pharmacy},
VOLUME = {11},
YEAR = {2023},
NUMBER = {5},
ARTICLE-NUMBER = {160},
PubMedID = {37888505},
ISSN = {2226-4787},
DOI = {10.3390/pharmacy11050160}
}


@article{STAR201811,
title = {Updates in palliative care – recent advancements in the pharmacological management of symptoms},
journal = {Clinical Medicine},
volume = {18},
number = {1},
pages = {11-16},
year = {2018},
issn = {1470-2118},
doi = {https://doi.org/10.7861/clinmedicine.18-1-11},
author = {Angela Star and Jason W Boland},
keywords = {Palliative care, symptom management, breathlessness, delirium, malignant bowel obstruction}
}

@article{jansen2018safety,
  title={Safety and effectiveness of palliative drug treatment in the last days of life—A systematic literature review},
  author={Jansen, Kristian and Haugen, Dagny F and Pont, Lisa and Ruths, Sabine},
  journal={Journal of Pain and Symptom Management},
  volume={55},
  number={2},
  pages={508--521},
  year={2018},
  publisher={Elsevier}
}

@article{aronson2020me,
  title={Me-too pharmaceutical products: History, definitions, examples, and relevance to drug shortages and essential medicines lists},
  author={Aronson, Jeffrey K and Green, A Richard},
  journal={British journal of clinical pharmacology},
  volume={86},
  number={11},
  pages={2114--2122},
  year={2020},
  publisher={Wiley Online Library}
}

@article{stern2021biosimilars,
  title={Biosimilars And Follow-On Products In The United States: Adoption, Prices, And Users: Study examines the early years of entry of biosimilar and related follow-on products including sales data, market share, and price trajectory.},
  author={Stern, Ariel Dora and Chen, Jacqueline L and Ouellet, Melissa and Trusheim, Mark R and El-Kilani, Zeid and Jessup, Amber and Berndt, Ernst R},
  journal={Health Affairs},
  volume={40},
  number={6},
  pages={989--999},
  year={2021}
}

@article{guney2016network,
  title={Network-based in silico drug efficacy screening},
  author={Guney, Emre and Menche, J{\"o}rg and Vidal, Marc and Bar{\'a}basi, Albert-L{\'a}szl{\'o}},
  journal={Nature communications},
  volume={7},
  number={1},
  pages={10331},
  year={2016},
  publisher={Nature Publishing Group UK London}
}
